@BOOK{Reiner,
  AUTHOR = {Reiner, Irving},
  TITLE = {{Maximal Orders}},
  PUBLISHER = {Academic Press Inc.},
  YEAR = 1975,
}

@BOOK{Lang,
  AUTHOR = {Lang, Serge},
  TITLE = {Algebra},
  PUBLISHER = {Springer},
  YEAR = 1985,
  NUMBER = 211,
  SERIES = {Graduate Texts in Mathematics},
  EDITION = {Revised 3rd}
}

@BOOK{Plesken,
  AUTHOR = {Plesken, W.},
  TITLE = {{Group Rings of Finite Groups Over p-Adic Integers}},
  PUBLISHER = {Springer},
  YEAR = 1983,
  NUMBER = 1026,
  SERIES = {Lecture Notes in Mathematics},
}

@BOOK{James,
  AUTHOR = {James, G. D.},
  TITLE = {The Representation Theory of the Symmetric Group},
  PUBLISHER = {Springer},
  YEAR = 1978,
  NUMBER = 682,
  SERIES = {Lecture Notes in Mathematics},
}

@BOOK{JamesKerber,
  AUTHOR = {James, G. D. and Kerber, A.},
  TITLE = {The Representation Theory of the Symmetric Group},
  PUBLISHER = {Addison-Weasly},
  YEAR = 1981,
  NUMBER = 16,
  SERIES = {Encycl. Math. Appl.},
}

@ARTICLE{Magma,
	AUTHOR  = {Bosma, Wieb and Cannon, John and Playoust, Catherine },
	TITLE   = {The {M}agma algebra system. {I}. {T}he user language.},
	JOURNAL = "J. Symbolic Comput.",
	VOLUME  = {24},
	NUMBER  = {3--4}
	PAGES    = {235--265}, 
   YEAR    = 1997 
}



@manual{GAP4,
	    key          = "GAP",
	       organization = { The GAP~Group },
		    title        = {GAP -- Groups, Algorithms, and Programming, Version 4.4.10},
    		year         = { 2007 },
        	note          = { \url{http://www.gap-system.org} }
	    }

@BOOK{Benson,
	AUTHOR = {Benson, D. J.},
	TITLE =  {Representations and Cohomology I: Basic Representation Theory of Finite Groups and Associative Algebras.},
   PUBLISHER = {Cambridge University Press},
	SERIES = {Cambridge Studies in Advanced Mathematics},
	YEAR   = { 1991 }
}

@BOOK{Alperin,
	AUTHOR = {Alperin, J. L.},
	TITLE =  {Local representation theory},
   PUBLISHER = {Cambridge University Press},
	SERIES = {Cambridge Studies in Advanced Mathematics},
	NUMBER = 11,
	YEAR   = { 1986 }
}

@PHDTHESIS{Noeske,
	AUTHOR = { Noeske, Felix },
	TITLE = {  Morita-\"Aquivalenzen in der algorithmischen Darstellungstheorie },
	YEAR = {2005},
	SCHOOL = { RWTH Aachen }
}

@MISC{ModAtlas,
	AUTHOR = { Wilson, R. },
	TITLE = { The Modular Atlas Homepage },
	NOTE = { \url{http://www.math.rwth-aachen.de/~MOC/} }
}

@MISC{spechtSYMM, 
	KEY = "SYM",
	TITLE = {{GAP Interface to SYMMETRICA }},
	NOTE =  { \url{http://www.math.rwth-aachen.de/~Frank.Luebeck/software.html}}
}

@Article{Morales,
author = { Morales, Jorge },
title = {{Maximal hermitian forms over $\mathbb{Z} G$}},
journal = { Commentarii Mathematici Helvetici},
year = { 1988 },
OPTkey = {},
OPTvolume = {},
OPTnumber = {},
OPTpages = {},
OPTmonth = {},
OPTnote = {},
OPTannote = {},
OPTurl = {},
OPTdoi = {},
OPTissn = {},
OPTlocalfile = {},
OPTabstract = {}
}


@Misc{NebeH,
author = {Nebe, Gabriele},
title = {{Orthogonale Darstellungen endlicher Gruppen und Gruppenringe}},
OPThowpublished = {},
OPTmonth = {},
year = {1999},
note = {Habilitationsschrift, RWTH Aachen},
OPTannote = {},
OPTurl = {},
OPTdoi = {},
OPTissn = {},
OPTlocalfile = {},
OPTabstract = {}
}

@Misc{DT2,
author = {Nebe, Gabriele and K\"unzer, Matthias},
title = {{Modulare Darstellungstheorie}},
OPThowpublished = {},
OPTmonth = {},
year = {WS 06/07},
note = {Lecture notes, RWTH Aachen},
OPTannote = {},
OPTurl = {},
OPTdoi = {},
OPTissn = {},
OPTlocalfile = {},
OPTabstract = {}
}


@Article{Jost,
	author = { Jost, Thomas },
	title = {{ Morita Equivalence for Hecke Algebras of Symmetric Groups }},
	journal = { J. Algebra },
	year = { 1997 },
	volume = { 194 },
	pages = { 201--223 }
}


@Article{Scopes,
	author = { Scopes, J. },
	title = {{Cartan Matrices and Morita Equivalence for Blocks of the Symmetric Groups}},
	journal = { J. Algebra },
	year = { 1991 },
	volume = { 142 },
	pages = { 441--455 }
}

@Article{ScopesDef2,
	author = {Scopes, J.},
	title = {{Symmetric Group Blocks of Defect Two}},
	journal = {Quart. J. Math},
	volume = {46},
	number = {2},
	pages = {201-234},
	doi = {10.1093/qmath/46.2.201},
	year = {1995},
	URL = {http://qjmath.oxfordjournals.org},
	eprint = {http://qjmath.oxfordjournals.org/cgi/reprint/46/2/201.pdf}
}

@Article{MartinDef3,
	author = { Martin, Stuart and Tan, Kai Meng },
	title  = {{Defect 3 Blocks of Symmetric Group Algebras, I}},
	journal = { J. Algebra },
	volume = { 237 },
	number = {1 },
	pages = { 95--120 },
	year  = {2001}
}

@Article{MartinDef3Ext,
	author = { Martin, Stuart and Russell, Lee },
	title  = {{On the Ext-Quiver of Blocks of Defect 3 of Symmetric Group Algebras}},
	journal = { J. Algebra },
	volume = { 185 },
	number = {1 },
	pages = { 440--480 },
	year  = { 1996 }
}

@Article{Def3Bipart,
	author = { Fayers, Matthew and Tan, Kai Meng },
	title  = {{The ordinary quiver of a weight three block of the symmetric group is bipartite}},
	journal = { Adv. Math. },
	volume = { 209 },
	pages = { 69--98 },
	year  = { 2007 }
}

@Article{JamesDecomp,
	author = { James, G. D. },
	title  = {{On the Decomposition Matrices of the Symmetric Groups, III}},
	journal = { J. Algebra },
	volume = { 71 },
	pages = { 115--122 },
	year  = { 1981 }
}

@Article{NebeZpS2p,
      author = { Nebe, G. },
      title = {{The Principal Block of $\mathbb{Z}_pS_{2p}$}},
      journal = {J. Group Theory},
      volume = {5},
      number = {2},
      year = {2002},
      pages= {163--176}
}

@Article{NebeSl2Char2,
      author = { Nebe, G. },
      title = {{The group ring of $\operatorname{SL}_2(2^f)$ over $2$-adic integers}},
      journal = {J. reine angew. Math.},
      volume = {528},
      year = {2000},
      pages = {183--200}
}

@Article{BensonDecomp,
	author = { D. J. Benson },
	title = {{Some Remarks on the Decomposition Numbers for the Symmetric Groups}},
	year = {1987},
	journal = {Proc. Symp. Pure Math.}, 
	volume={47}
} 

@Article{FayersJSFilt,
	author = { M. Fayers },
	title = {{On the Structure of Specht Modules}},
	year = {2003},
	journal = {J. London Math. Soc.},
	volume = {67},
	pages = {85--102}
}

@PHDTHESIS{ScopesPhd,
	AUTHOR = { Scopes, J. },
	TITLE = {  Representations of the Symmetric Groups },
	YEAR = {1990},
	SCHOOL = { University of Oxford  }
}

@article{ChuangTanYoung,
	title = {{On Young Modules of Defect 2 Blocks of Symmetric Group Algebras}},
	journal = "J. Algebra",
	volume = "221",
	number = "2",
	pages = "651 - 668",
	year = "1999",
	note = "",
	issn = "0021-8693",
	doi = "DOI: 10.1006/jabr.1999.8022",
	url = "http://www.sciencedirect.com/science/article/B6WH2-45JK6GX-J/2/4d91eb273796968fbdecd3751758662a",
	author = "J. Chuang and K. M. Tan"
}

@Article{Butler,
author = { Butler, M. C. R. },
title = {{The $2$-Adic Representations of Klein's Four Group}},
journal = { Proc. Second Internat. Conf. Theory of Groups },
year = { 1973 },
OPTkey = {},
OPTvolume = {},
OPTnumber = {},
pages = {197--203},
OPTmonth = {},
OPTnote = {},
OPTannote = {},
OPTurl = {},
OPTdoi = {},
OPTissn = {},
OPTlocalfile = {},
OPTabstract = {}
}
